<record><leader>00000cas a22000007a 4500</leader><controlfield tag="001">36142647</controlfield><controlfield tag="008">961230d19121912okuwr n       0    0eng d</controlfield><datafield ind1=" " ind2=" " tag="010"><subfield code="a">sn 96093341 </subfield></datafield><datafield ind1=" " ind2=" " tag="040"><subfield code="a">OBN</subfield><subfield code="b">eng</subfield><subfield code="c">OBN</subfield><subfield code="d">OCLCQ</subfield><subfield code="d">OCLCF</subfield><subfield code="d">OCLCO</subfield></datafield><datafield ind1="1" ind2=" " tag="029"><subfield code="a">AU@</subfield><subfield code="b">000013023329</subfield></datafield><datafield ind1=" " ind2=" " tag="042"><subfield code="a">msc</subfield></datafield><datafield ind1=" " ind2=" " tag="043"><subfield code="a">n-us-ok</subfield></datafield><datafield ind1="0" ind2="4" tag="245"><subfield code="a">The American=reflex.</subfield></datafield><datafield ind1=" " ind2=" " tag="260"><subfield code="a">Comanche, Okla. :</subfield><subfield code="b">R.L. DeLung</subfield></datafield><datafield ind1=" " ind2=" " tag="300"><subfield code="a">v.</subfield></datafield><datafield ind1=" " ind2=" " tag="310"><subfield code="a">Weekly</subfield></datafield><datafield ind1="0" ind2=" " tag="362"><subfield code="a">Vol. 11, no. 41 (Jan. 12, 1912)-v. 11, no. 47 (Feb. 22, 1912).</subfield></datafield><datafield ind1=" " ind2="0" tag="651"><subfield code="a">Comanche (Okla.)</subfield><subfield code="v">Newspapers.</subfield></datafield><datafield ind1=" " ind2="0" tag="651"><subfield code="a">Stephens County (Okla.)</subfield><subfield code="v">Newspapers.</subfield></datafield><datafield ind1=" " ind2="7" tag="655"><subfield code="a">Newspapers.</subfield><subfield code="2">fast</subfield><subfield code="0">(OCoLC)fst01423814</subfield></datafield><datafield ind1=" " ind2="7" tag="651"><subfield code="a">Oklahoma</subfield><subfield code="z">Comanche.</subfield><subfield code="2">fast</subfield><subfield code="0">(OCoLC)fst01230196</subfield></datafield><datafield ind1=" " ind2="7" tag="651"><subfield code="a">Oklahoma</subfield><subfield code="z">Stephens County.</subfield><subfield code="2">fast</subfield><subfield code="0">(OCoLC)fst01259792</subfield></datafield><datafield ind1=" " ind2=" " tag="752"><subfield code="a">United States</subfield><subfield code="b">Oklahoma</subfield><subfield code="c">Stephens</subfield><subfield code="d">Comanche.</subfield></datafield><datafield ind1="0" ind2="4" tag="780"><subfield code="t">Comanche reflex (Comanche, Okla. : 1901)</subfield><subfield code="w">(DLC)sn 96093339</subfield><subfield code="w">(OCoLC)36142614</subfield></datafield><datafield ind1="0" ind2="4" tag="780"><subfield code="t">American (Comanche, Okla. : 1908)</subfield><subfield code="w">(DLC)sn 96093340</subfield><subfield code="w">(OCoLC)36142630</subfield></datafield><datafield ind1="0" ind2="6" tag="785"><subfield code="t">Comanche reflex (Comanche, Okla. : 1912)</subfield><subfield code="w">(DLC)sn 96093342</subfield><subfield code="w">(OCoLC)36142663</subfield></datafield><datafield ind1="0" ind2="6" tag="785"><subfield code="t">American (Comanche, Okla. : 1912)</subfield><subfield code="w">(DLC)sn 96093343</subfield><subfield code="w">(OCoLC)36142672</subfield></datafield></record>